@Article {Quyan2019,
    author       = {Yuncheng {Quyang \emph{et al.}}},
    date         = {2019},
    journaltitle = {IEEE/CAA Journal of Automatica Sinica},
    title        = {Quadcopter control in three-dimensional space using a noninvasive motor imagery-based brain-computer interface},
    doi          = {https://doi.org/10.1109/JAS.2019.1911495},
    number       = {3},
    pages        = {807-815},
    volume       = {6},
    journal      = {J. Neural Eng.},
    year         = {2013},
}

@Article {Fandel2018,
    author      = {Andrew {Fandel \emph{et al.}}},
    title       = {Development of Reinforcement Learning Algorithm for 2-DOF Heli-\\copter Model},
    booktitle   = {2018 IEEE 27th International Symposium on Industrial Electronics (ISIE)},
    year        = {2018},
    pages       = {553-558},
    address     = {Cairns, QLD., Australia},
    publisher   = {IEEE},
    doi         = {https://doi.org/10.1109/ISIE.2018.8433785}
}

@Article {Hernandez2018,
    author       = {Eugenio Hernández},
    title        = {Ondículas: historia, teoría y aplicación},
    journaltitle = {La Gaceta de la RSME},
    year         = {2018},
    volume       = {21},
    number       = {3},
    pages        = {275-299},
}

@Article {Parvez2015,
    author      = {Sahahid Parvez and  Zhiqiang Gao},
    title       = {A Wavelet-Based Multi-Resolution PID Controller},
    booktitle   = {IEEE Transactions on Industry Applications},
    year        = {2015},
    month       = {6},
    address     = {Cleveland, Ohio, EE. UU.},
    publisher   = {IEEE Xploere},
    doi         = {10.1109/TIA.2005.844378}
}

@Article {Cortes2007,
    author      = {Jimmy Alexander {Cortés O. \textit{et al}}},
    title       = {Del análisis de Fourier a las Wavelets},
    journal     = {Scientia et Technica},
    year        = {2007},
    volume      = {13},
    number      = {31},
    pages       = {151-156},
}

@Article {Ramirez2010,
    author      = {Luis Miguel {Nuñez Ramirez \emph{et al.}}},
    title       = {Análisis Multiresolución},
    booktitle   = {Rev. de la F.C.M. de la Universidad Nacional Mayor de San Carlos},
    year        = {2010},
    pages       = {59-76},
    address     = {Lima, Perú},
    volume      = {13},
    number      = {2}
}

@Article {Matilde2011,
    author  = {Matilde {Santos}},
    journal = {Rev. iberoam. autom. inform. ind.},
    title   = {{Un Enfoque Aplicado del Control Inteligente}},
    year    = {2011},
    pages   = {283--296},
    volume  = {8}
}

@Article {Nourmohammadi2018,
    author  = {Amin Nourmohammadi and Thorsten O. Zander and Mohammad Jafari},
    journal = {IEEE Trans Hum Mach Syst},
    title   = {{A Survey on Unnamed Aerial Vehicle Remote Control Using Brain-Computer Interface}},
    year    = {2018},
    month   = {5},
    pages   = {2168--2291},
}

@Article {Royer2010,
    author    = {Audrey S. Royer and Alexander J. Doud and Minn L. Rose and Bin He},
    journal   = {{IEEE} Trans. Neural Syst. Rehabilitation Eng.},
    title     = {{EEG Control of a Virtual Helicopter in 3-Dimensional Space Using Intelligent Control Strategies}},
    year      = {2010},
    month     = {12},
    number    = {6},
    pages     = {581--589},
    volume    = {18},
    doi       = {10.1109/tnsre.2010.2077654},
    publisher = {Institute of Electrical and Electronics Engineers ({IEEE})},
}

@Article {Doud2011,
    author  = {Alexander J. Doud and John P. Lucas and Marc T. Pisansky and Bin He},
    title   = {Continous three-dimensional control of a virtual helicopter using a motor imaginary based brain-computer interface},
    journal = {PLoS One},
    year    = {2011},
    volume  = {6},
    number  = {10}
}

@Article {Kim2014a,
    author    = {Byung Hyung Kim and Minho Kim and Sungho Jo},
    journal   = {Comput. Biol. Med},
    title     = {Quadcopter flight control using a low-cost hybrid interface with {EEG}{\textendash}based classification and eye tracking},
    year      = {2014},
    month     = {8},
    pages     = {82--92},
    volume    = {51},
    publisher = {Elsevier {BV}}
}

@Conference {Khan2015,
    author    = {M. Jawad Khan and Keum-Shik Hong and Noman Naseer and M. Raheel Bhutta},
    title     = {{Hybrid EEG-NIRS based BCI for quadcopter control}},
    booktitle = {Proc. IEEE 54th Annu. Conf. Soc. Instrum. Control Eng},
    publisher = {IEEE},
    year      = {2015},
    pages     = {117--1182}
}

@Article{LaFleur2013,
    author    = {Karl LaFleur and Kaitlin Cassady and Alexander Doud and Kaleb Shades and Eitan Rogin and Bin He},
    journal   = {J. Neural Eng.},
    title     = {Quadcopter control in three-dimensional space using a noninvasive motor imagery{\textendash}based brain{\textendash}computer interface},
    year      = {2013},
    month     = {6},
    number    = {4},
    volume    = {10},
    publisher = {{IOP} Publishing},
}

@Article{Shi2015,
    author    = {Tianwei Shi and Hong Wang and Chi Zhang},
    journal   = {Expert Syst. Appl.},
    title     = {Brain Computer Interface system based on indoor semi-autonomous navigation and motor imagery for Unmanned Aerial Vehicle control},
    year      = {2015},
    month     = {6},
    number    = {9},
    pages     = {4196--4206},
    volume    = {42},
    doi       = {10.1016/j.eswa.2015.01.031},
    publisher = {Elsevier {BV}}
}

@InProceedings{Akce2010,
    author    = {Abdullah Akce and Miles Johnson and Timothy Bretl},
    booktitle = {{IEEE} Int. Conf. Robot. Autom.},
    title     = {Remote teleoperation of an unmanned aircraft with a brain-machine interface: Theory and preliminary results},
    year      = {2010},
    month     = {5},
    publisher = {{IEEE}},
    doi       = {10.1109/robot.2010.5509671}
}

@Article {Duan2019,
    author    = {Xu Duan and Songyun Xie and Xinzhou Xie and Ya Meng and Zhao Xu},
    journal   = {Front. Neurorobot.},
    title     = {Quadcopter Flight Control Using a Non-invasive Multi-Modal Brain Computer Interface},
    year      = {2019},
    month     = {5},
    volume    = {13},
    doi       = {10.3389/fnbot.2019.00023},
    publisher = {Frontiers Media {SA}}
}

@Article {Sinc2017,
    journal = {Agencia SINC},
    title   = {Yves Meyer y sus ondículas reciben el `nobel' de matemáticas},
    year    = {2017},
    month   = {03}
}

@Article{AlonsoValerdi2019,
    author  = {Luis Miguel {Alonso-Valerdi} and M. A. {Arreola-Villarruel} and J. {Argüello-García}},
    journal = {Rev. mex. ing. bioméd.},
    title   = {Interfaces cerebro-computadora: conceptualización, retos de rediseño e impacto social},
    year    = {2019},
    number  = {3},
    pages   = {1--18},
    volume  = {40},
    address = {México}
}

@Article{Goeksu2018,
  author    = {Hüseyin Göksu},
  journal   = {Biomed Signal Process Control},
  title     = {{BCI oriented EEG analysis using log energy entropy of wavelet packets}},
  year      = {2018},
  month     = {7},
  pages     = {101--109},
  volume    = {44},
  doi       = {10.1016/j.bspc.2018.04.002},
  publisher = {Elsevier {BV}},
}