@Book {Pateld2017,
    author    = {Ravi {Patel \emph{et al.}}},
    title     = {Adaptative Backstepping Control Scheme with Integral Action for Quanser 2-DOF Helicopter},
    booktitle = {6th International Conference on Advances in Computing, Communications and Informatics},
    year      = {2017},
    pages     = {571-577},
    address   = {Udupi, India},
    month     = {9},
    publisher = {IEEE},
    % note      = {DOI: \url{https://doi.org/10.1109/ICACCI.2017.8125901}}
}

@Book {Khanesar2016,
    author    = {Mojtaba Ahmadieh {Khanesar} and Erdal {Kayacan}},
    title     = {Recurrent Interval Type2 Fuzzy Control of 2-DOF Helicopter With Finite Time Training Algorithm},
    booktitle = {IFAC-Papers OnLine},
    year      = {2016},
    volume    = {49},
    series    = {13},
    % pages     = {293-299},
    month     = {8},
    % note      = {DOI: \url{https://doi.org/10.1016/j.ifacol.2016.07.977}}
}

@Book {Kim2017,
    author    = {Phil {Kim}},
    title     = {MATLAB Deep Learning With Machine Learning, Neural Networks and Artificial Intelligence},
    publisher = {Apress},
    year      = {2017},
    address   = {República de Corea},
    isbn      = {978-1-4842-2845-6}
}

@Book {Yegnanarayana2005,
    author    = {B. {Yegnanarayana}},
    title     = {Artificial Neural Networks},
    publisher = {Prentice-Hall},
    year      = {2005},
    address   = {India},
    edition   = {1},
    isbn      = {81-203-1253-8}
}

@Book {PonceCruz2010,
    author    = {Pedro {Ponce Cruz}},
    title     = {Inteligencia Artificial con Aplicaciones a la Ingeniería},
    publisher = {Alfaomega Grupo Editor S.A. de C.V.},
    year      = {2010},
    address   = {México},
    edition   = {1},
    chapter   = {3},
    % isbn      = {978-607-7854-83-8}
}

@Book {Haykin1999,
    author    = {Simon {Haykin}},
    title     = {Neural Networks, A Comprehensive Foundation},
    publisher = {Pearson Education Inc.},
    year      = {1999},
    isbn      = {81-7808-300-0}
}

@Book{Ogata2010,
    author    = {Katsuhiko Ogata},
    publisher = {Pearson Educación},
    title     = {Ingeniería de control moderna},
    year      = {2010},
    address   = {Madrid, España},
    isbn      = {9788483226605},
}

@Book {Golnaraghi2010,
    author    = {Farid {Golnaraghi} and Benjamin C. {Kuo}},
    title     = {Automatic Control Systems},
    publisher = {John Wiley \& Sons, Inc.},
    year      = {2010},
    address   = {EE. UU.},
    edition   = {9},
    isbn      = {978-0470-04896-2}
}

@Book {Alpaydm2010,
    author    = {Ethem {Alpaydm}},
    title     = {Introduction to machine learning},
    publisher = {Instituto Tecnológico de Massachusetts (MIT)},
    year      = {2010},
    address   = {EE. UU.},
    edition   = {2},
    isbn      = {978-0-262-01243-0}
}

%%% TEORÍA DE ONDÍCULAS
@Book {Ruch2009,
    author    = {David K. {Ruch}},
    title     = {Wavelet Theory An Elementary Approach with Applications},
    publisher = {John Wiley and Sons, Inc.},
    year      = {2009},
    address   = {Nueva Jersey, EE. UU.},
    edition   = {1}
}

@Book {Kovacevic2013,
    author    = {Jelena {Kovacevic \emph{at el.}}},
    title     = {Fourier and Wavelet Signal Processing},
    publisher = {John Wiley \& Sons, Inc.},
    year      = {2013},
    address   = {Nueva Jersey, EE. UU.},
    edition   = {1}
}

@Book {Weeks2007,
    author    = {Michael {Weeks}},
    title     = {Digital Signal Processing Using MATLAB and Wavelets},
    publisher = {David F. Pallai},
    year      = {2007},
    address   = {Infinity Science Press LLC, MA},
    edition   = {2},
    isbn      = {0-9778582-0-0}
}

@Book {Nocedal2006,
    author    = {Jorge {Nocedal} and Sthephen J. {Wright}},
    title     = {Numerical Optimization},
    publisher = {Springer Science+Bussines Media, LLC},
    year      = {2006},
    % address   = {Infinity Science Press LLC, MA},
    edition   = {2},
    isbn      = {0-387-30303-0}
}

@Book {IsasiVinuela2004,
    author    = {Pedro {Isasi Viñuela} and Inés M. {Galván León}},
    title     = {Redes de Neuroas Artificiales. Un Enfoque Práctico},
    publisher = {Pearson Educación S.A.},
    year      = {2004},
    address   = {Madrid, España},
    isbn      = {84-205-4025-0}
}

@INBOOK {Deisenroth2020,
    author    = {Marc Peter {Deisenroth} and A. A. {Faisal} and Cheng S. {Ong}},
    title     = {Mathematics for Machine Learning},
    publisher = {Cambrige University Press},
    year      = {2020},
    chapter   = {5},
}

@Book {SengNg2018,
    author    = {Tian {Seng Ng}},
    title     = {Flight Systems and Control A Practical Approach},
    year      = {2018},
    chapter   = {5},
    publisher = {Springer Science + Bussines Media, LLC},
    isbn      = {978-981-10-8721-9},
}

@Book {Yedavalli2020,
    author    = {Rama K. {Yevadalli}},
    title     = {Flight Dynamics and Control of Aero and Space Vehicles},
    publisher = {John Wiley \& Sond Ltd.},
    year      = {2020},
    address   = {EE. UU.},
    edition   = {1},
    isbn      = {978-111-89-3442-5},
}

@Book {Slotine1991,
    author    = {Jean-Jacques E. {Slotine} and Weiping {Li}},
    title     = {Applied nonlinear control},
    publisher = {Prentice Hall, Inc.},
    year      = {1991},
    address   = {EE. UU.},
    edition   = {1},
    isbn      = {0-13-040890-5},
}

@Book{Siuly2017,
    author     = {Siuly Siuly and Yan Li and Yanchun Zhang},
    publisher  = {Springer International Publishing},
    title      = {{EEG Signal Analysis and Classification, Techniques and Applications}},
    year       = {2017},
    address    = {Gewerbestrasse, Suiza},
    isbn       = {3319476521},
    month      = {1},
    booktitle  = {Health Information Science},
    groups     = {EEG},
    % pagetotal  = {272}
}

@Book {Vetterli2007,
    author    = {Martin {Vetterli} and Jelena {Kovacevic}},
    title     = {Wavelets and Subband Coding},
    publisher = {Prentice Hall},
    year      = {2007},
    address   = {San Francisco, EE. UU.},
}

@Book{KosMyna2015,
    author    = {Nataliya {Kos' Myna} and Franck {Tarpin-Bernard} and Bertrand Rivet},
    publisher = {Springer International Publishing},
    title     = {{Human-Computer Interaction}},
    year      = {2015},
    isbn      = {3319227009},
    month     = {8},
    ean       = {9783319227009},
    % pagetotal = {632},
    pages     = {506--522},
    % url       = {https://www.ebook.de/de/product/24476681/human_computer_interaction_interact_2015.html}
}
