@Online {GarciaGonzalez2011,
    author = {Yaser {García González}},
    title  = {Redes neuronales Wavelet},
    month  = {5},
    year   = {2011},
    url    = {http://catarina.udlap.mx/u_dl_a/tales/documentos/mcc/garcia_g_y/capitulo3.pdf}
}

@Online {MathWorksPrecision,
    author  = {The MathWorks, Inc.},
    title   = {Increase Precision of Numeric Calculations},
    url     = {https://la.mathworks.com/help/symbolic/increase-precision-of-numeric-calculations.html},
    year    = {2012},
}

@Online {LabViewPrecision,
    author = {National Instruments},
    title  = {Floating-Point Numbers},
    url    = {https://zone.ni.com/reference/en-XX/help/371361R-01/lvhowto/floating_point_numbers/}
}

@Manual {IEEE754-1985,
    title        = {IEEE Standard for Binary Floating-Point Arithmetic},
    organization = {The Institute of Electrical and Electronics Engineers, Inc.},
    address      = {Nueva York, EE. UU.},
    year         = {1985}
}

@Manual {Quanser2012,
    title        = {Laboratory Guide 2 DOF Helicopter Experiment for MATLAB / Simulink Users},
    author       = {J. Apkarian \emph{et al.}},
    organization = {Quanser Inc.},
    address      = {Markham, Ontario, Canadá},
    year         = {2012}
}

@Manual {Quansermanual2012,
    title    = {User Manual 2 DOF Helicopter Experiment, Set Up and Configura-\\tion},
    author   = {Quanser Inc.},
    address  = {Markham, Ontario, Canadá},
    year     = {2012}
}

@TechReport {CastroFernandez2012,
    author      = {Rosa María {Castro Fernández}},
    title       = {Análisis de la teoría de ondículas orientada a las aplicaciones en ingeniería eléctrica: Fundamentos},
    institution = {E. T. S. I. Industriales, Departamento de Ingenie-\\ría Eléctrica},
    year        = {2012},
    address     = {Madrid, España},
    month       = {7}
}

@InReference{filtroRAE,
    title        = {filtro},
    url          = {https://dle.rae.es/filtro?m=form},
    booktitle    = {Diccionario de la lengua española},
    publisher    = {Real Academia Española},
    urldate      = {2020-10-17},
}

@Misc{Cabrelli2006,
    title        = {Una introducción a la teoría de wavelets y con marcos de aplicación},
    author       = {Carlos {Cabrelli}},
    howpublished = {\url{http://mate.dm.uba.ar/~cabrelli/cefimas/CURSO-CEFIMAS-2006.pdf}},
    year         = 2006,
    note         = {Revisado el 23-11-2020}
}

@Online {labViewRequirementsWindows,
    author  = {\textit{National Instruments}},
    title   = {LabVIEW 2017 Readme for Windows},
    month   = {3},
    year    = {2017},
    url     = {https://www.ni.com/pdf/manuals/374715g.html},
    % urldate = {2021-05-07}
}

@Online {EpocUserManual,
    author  = {{EMOTIV INC.}},
    title   = {EPOC+ User Manual},
    year    = {2018},
    url     = {https://emotiv.gitbook.io/epoc-user-manual/},
    urldate = {2021-05-07}
}

@Online {matlabRequirementsWindows,
    author  = {\textit{MathWorks}},
    title   = {System Requirements for MATLAB R2021b},
    % month   = {3},
    year    = {2021},
    url     = {https://la.mathworks.com/support/requirements/matlab-system-requirements.html}
}