@Thesis{MamaniMusaja2018,
    author      = {Marco Antonio {Mamani Musaja}},
    school      = {Universidad Nacional de San Agustín},
    title       = {Diseño e implementación de interfaz cerebro-computadora para el control de vuelo de vehículo no tripulado usando señales cerebrales a través de headset electroencefalógrafo},
    year        = {2018},
    address     = {Arequipa, Perú}
}

@PhdTesis {FloresHernandez2019,
    author      = {Ángel {Flores Hernández}},
    title       = {Redes neuronales recurrentes adaptables aplicadas a control de manipuladores robóticos},
    school      = {Universidad Autónoma de Nuevo León},
    year        = {2019},
    type        = {Dr. en Ing. Física Industrial},
    month       = {10},
    address     = {San Nicolás de los Garza, N.L., México}
}

@MastersThesis {RangelElizalde2014,
    author      = {Vanya Itzel {Rangel Elizalde}},
    title       = {Identificación de la dinámica de un helicóptero no tripulado a escala},
    school      = {Instituto Politécnico Nacional},
    year        = {2014},
    type        = {MCI Mecánica},
    address     = {México}
}

@Thesis {AlvarezLopez2010,
    author      = {Narce {Álvarez López}},
    title       = {Análisis y control dinámico de un helicóptero a escala sobre una plataforma},
    school      = {Instituto Politécnico Nacional, Centro de Investigación y Desarrollo de Tecnología Digital},
    year        = {2010},
    type        = {M. C. en Sistemas Digitales},
    address     = {Tijuana, B. C., México},
    month       = {07}
}

@MastersThesis {HernandezPerez2018,
    author      = {Juan Francisco {Hernández Pérez}},
    title       = {Redes neuronales dinámicas para la identificación y control adaptable para sistemas no lineales},
    school      = {Universidad Autónoma del Estado de Hidalgo},
    month       = {01},
    year        = {2018},
    type        = {M. C. en Automatización y Control},
    address     = {Pachuca, Hgo., México},
}

@Thesis {EspinosaPerez2012,
    author      = {Daniel {Espinosa Pérez \emph{et al.}}},
    title       = {Wavelets y Superresolución},
    school      = {UAM Unidad Iztapalapa},
    month       = {12},
    year        = {2012},
    address     = {México},
}

@Thesis {VillarealGrajales2017,
    author      = {Fabián Alfonso {Montes Teherán} and Jessica Liliana {Villareal Grajales}},
    title       = {{Implementación de un control con restricciones para el helicóptero de dos grados de libertad que Quanser}},
    school      = {Pontifica Universidad Javeriana},
    year        = {2017},
    address     = {Bogotá, Colombia},
}

@Thesis {LlanosMarias2014,
    author      = {Alejandro {Llanos Marías}},
    title       = {Teoría de ondículas},
    school      = {Facultat de Matemàti-\\ques, Universitat de Barcelona},
    month       = {06},
    year        = {2014},
    address     = {España},
}

@MastersThesis {AngelesHernandez2018,
    author      = {Héctor {Ángeles Hernández}},
    title       = {Aplicación de la transformada ondicular y uso de splines cúbicos para la mejora de la imagen sísmica},
    school      = {Universidad Nacional Autónoma de México},
    month       = {12},
    year        = {2018},
    type        = {Mtro. en Ing.},
    address     = {Ciudad de México},
}

@MastersThesis {GarciaBlancas2016,
    author      = {Jesús {García Blancas}},
    title       = {Implementación de un sistema BCI en el control de robots},
    school      = {Universidad Autónoma del Estado de Hidalgo},
    month       = {9},
    year        = {2016},
    type        = {M. C. en Automatización y Control},
    address     = {Pachuca, Hgo., México},
}

@MastersThesis {SanchezGarcia2017,
    author      = {Daniel {Sánchez García}},
    title       = {{Diseño de una aplicación BCI para la comunicación y el control en un entorno hospitalario}},
    school      = {Universidad Politécnica de Valencia},
    year        = {2017},
    type        = {Mtro. en Automática e Informática Industrial},
    address     = {España}
}

@Thesis {GarciaCastro2020,
    author      = {Oscar Federico {García Castro}},
    date        = {2020-12-15},
    institution = {Universidad Politécnica Metropolitana de Hidalgo},
    title       = {Controladores PID Wavenet aplicados a un modelo de helicóptero de 2GDL},
    type        = {Ing. en Aeronáutica},
    language    = {Español},
    address     = {Tolcayuca, Hgo., México},
}

@Thesis{OrtizGonzalez2010,
  address     = {Cuenca, Ecuador},
  author      = {Juan Paúl {Ortíz González} and Manuel Jeová {Reinoso Avecillas}},
  date        = {2010},
  institution = {Universidad Politécnica Salesisana},
  language    = {Español},
  title       = {Diseño y construcción de un prototipo de electroencefalógrafo para adquisición de señales cerebrales},
  type        = {Ing. Electrónico},
}


@Thesis {MoranGarcia2015,
    author      = {Álvaro {Morán García}},
    title       = {Diseño de interfaces cerebro-maquina controlados mediante registros de EEG},
    school      = {Universidad Autónoma de Madrid},
    year        = {2015},
    type        = {Ing. en Informática},
    address     = {Madrid, España}
}

@MastersThesis {OlivaresCarillo2017,
    author      = {Cristain Yarisse {Olivares Carrillo}},
    title       = {Diseño y construcción de una interfaz cerebro computadora para el control de una silla de ruedas como ayuda a personas con discapacidad motriz},
    school      = {Universidad del Norte},
    month       = 7,
    year        = 2017,
    type        = {MCI Electrónica},
    address     = {N.L., México},
}

@MastersThesis {CarrilloSantos2012,
    author      = {Carlos Alberto {Carrillo Santos}},
    title       = {{Controlador PID Wavenet Difuso para máquinas eléctricas}},
    school      = {Universidad Autónoma del Estado de Hidalgo},
    month       = {10},
    year        = {2012},
    type        = {M. C. en Automatización y Control},
    address     = {Pachuca, Hgo., México},
}

@MastersThesis {VegaNavarrete2013,
    author      = {Mario Alejandro {Vega Navarrete}},
    title       = {{Controlador PID Wavenet Multiresolución para sistemas sub-actuados}},
    school      = {Universidad Autónoma del Estado de Hidalgo},
    month       = {12},
    year        = {2013},
    type        = {M. C. en Automatización y Control},
    address     = {Pachuca, Hgo., México},
}

@MastersThesis {DominguezMayorga2017,
    author      = {Carlos Roberto {Domínguez Mayorga}},
    title       = {{Algoritmos Wavenet con aplicaciones en la aproximación de señales}},
    school      = {Universidad Autónoma del Estado de Hidalgo},
    year        = {2012},
    type        = {M. C. en Automatización y Control},
    address     = {Pachuca, Hgo., México},
}

@Thesis {GuerreroNoboa2013,
    author      = {Freddy Roberto {Guerrero Noboa}},
    title       = {Modelación, simulación y control de sistemas aéreos no tripula-\\dos utilizando inteligencia artificial},
    school      = {Escuela Politécnica Nacional},
    month       = {09},
    year        = {2013},
    type        = {Ing. en Electrónica y Control},
    address     = {Quito, Ecuador},
}

@Thesis {ArroyoGarza2015,
    author      = {Santiago {Arroyo Garza}},
    title       = {Análisis de estabilidad y seguimiento de trayectorias de sistemas dinámicos complejos y con retardo en el tiempo usando redes neuronales adaptables},
    school      = {Universidad Autónoma de Nuevo León},
    year        = {2015},
    type        = {Doctor en Ciencias con Orientación en Matemáticas},
    month       = {6},
    address     = {México}
}

@Thesis {MarindelaRosa,
    author      = {José Manuel {Marín de la Rosa}},
    title       = {Estudio de la sensibilidad de filtros FIR e IIR en presencia de S.E.U.},
    school      = {Universidad de Sevilla},
    type        = {Ing. Electrónica},
    address     = {España}
}